<?xml version="1.0" encoding="UTF-8"?><collection xmlns="http://www.loc.gov/MARC21/slim"><record><leader>00415nam--2200121-i-4500</leader><controlfield tag="001">000011176</controlfield><controlfield tag="002">20161230</controlfield><controlfield tag="005">20161230201029</controlfield><controlfield tag="008">060222s1000------------r-----000-0-eng-d</controlfield><datafield ind1=" " ind2=" " tag="080"><subfield code="a">577.3(047.1:675):539.12.04(047.1:675)</subfield></datafield><datafield ind1=" " ind2=" " tag="245"><subfield code="a">Commissariat des sciences nucleaires, zaire rapport de recherche c.r.e.n.-k. no.17/1971</subfield></datafield><datafield ind1=" " ind2=" " tag="260"><subfield code="a">Kinshasa, Centre Regional D`Etudes Nucleaires De Kinshasa, 1971 117 P</subfield></datafield><datafield ind1=" " ind2=" " tag="852"><subfield code="a">41680</subfield></datafield></record></collection>